@inproceedings{sanh2019distilbert,
  title={DistilBERT, a distilled version of BERT: smaller, faster, cheaper and lighter},
  author={Sanh, Victor and Debut, Lysandre and Chaumond, Julien and Wolf, Thomas},
  booktitle={NeurIPS 2019 Workshop on Energy Efficient Machine Learning and Cognitive Computing},
  year={2019},
  url={https://arxiv.org/abs/1910.01108}
}